@misc{NormaIPC,
    author = {Carlos Canto},
    title = {Tipos de memoria},
    year = {},
    howpublished = {accedido el 06-09-2020, url {http://galia.fc.uaslp.mx/~cantocar/microprocesadores/EL_Z80_PDF_S/13_TIPOS_DE_MEMORIA.PDF}}
}

@misc{youbioit,
    author = {youbioit},
    title = {Como funciona la memoria de una computadora},
    year = {},
    howpublished = {accedido el 06-09-2020, url {http://www.youbioit.com/es/article/shared-information/8714/como-funciona-la-memoria-de-una-computadora}}
    
    
}